
@manual{Isar,
  author = {Makarius Wenzel},
  title = {The {Isabelle/Isar} Reference Manual},
  note = {\url{https://isabelle.in.tum.de/doc/isar-ref.pdf}}}

@manual{locale,
  author        = {Clemens Ballarin},
  title         = {Tutorial to Locales and Locale Interpretation},
  institution   = TUM,
  note          = {\url{https://isabelle.in.tum.de/doc/locales.pdf}}
}

@manual{datatypes,
  author	= {Julian Biendarra and Jasmin Christian Blanchette and Martin Desharnais and Lorenz Panny and Andrei Popescu and Dmitriy Traytel},
  title		= {Defining (Co)datatypes and Primitively (Co)recursive Functions in {Isabelle\slash HOL}},
  institution	= {TU Munich},
  note          = {\url{https://isabelle.in.tum.de/doc/datatypes.pdf}}}

@manual{Statespace,
author = {Norbert Schirmer},
title = {{State Spaces: The Locale Way}}
}

@manual{VDT,
author= {Qiyuan Xu},
title = {{Vitual Datatype}}
}

@manual{Algebras,
author= {Qiyuan Xu},
title = {{Algebras in \xphi-System}}
}

@inproceedings{FSL,
author={Jensen, Jonas Braband
and Birkedal, Lars},
editor={Seidl, Helmut},
title={Fictional Separation Logic},
booktitle={European Symposium on Programming},
year={2012},
doi={10.1007/978-3-642-28869-2_19}
}
